@WebPage{kde_ann,
Title        = {KDE Project Announcement},
lastchecked  = {14.02.2010},
URL          = {http://www.kde.org/announcements/announcement.php},
}